@inproceedings{zyzhu,
  author = {Zeyuan Allen Zhu, Sasa Misailovic, Jonathan A. Kelner, Martin Rinard},
  title = {Randomized accuracy-aware program transformations for efficient approximate computations},
  booktitle = {POPL},
  year = {2012},
}
@inproceedings{enerj,
  author = {Adrian Sampson,Werner Dietl,Emily Fortuna ,Luis Ceze,Dan Grossman}
  title = {EnerJ: approximate data types for safe and general low-power computation},
  booktitle = {PLDI},
  year = {2011},
}
